<record><leader>00000cas a2200000 a 4500</leader><controlfield tag="001">28037292</controlfield><controlfield tag="008">930504d19251947nyusn ne      0    0yid c</controlfield><datafield ind1=" " ind2=" " tag="010"><subfield code="a">   96647524 </subfield><subfield code="z">sn 93058802 </subfield></datafield><datafield ind1=" " ind2=" " tag="040"><subfield code="a">MGN</subfield><subfield code="b">eng</subfield><subfield code="c">MGN</subfield><subfield code="d">DLC</subfield><subfield code="d">OCLCQ</subfield><subfield code="d">DLC</subfield><subfield code="d">OCLCQ</subfield><subfield code="d">OCLCF</subfield><subfield code="d">OCLCO</subfield><subfield code="d">OCLCQ</subfield></datafield><datafield ind1=" " ind2=" " tag="066"><subfield code="c">(2</subfield></datafield><datafield ind1=" " ind2=" " tag="012"><subfield code="i">9701</subfield></datafield><datafield ind1=" " ind2=" " tag="042"><subfield code="a">pcc</subfield></datafield><datafield ind1=" " ind2=" " tag="043"><subfield code="a">n-us---</subfield></datafield><datafield ind1="0" ind2="0" tag="050"><subfield code="a">DS150.L3</subfield><subfield code="b">U49</subfield></datafield><datafield ind1=" " ind2="4" tag="060"><subfield code="a">015000207</subfield></datafield><datafield ind1=" " ind2="4" tag="060"><subfield code="a">000002301</subfield></datafield><datafield ind1="0" ind2=" " tag="130"><subfield code="a">Prolet&#803;arisher gedank&#803; (New York, N.Y.)</subfield></datafield><datafield ind1="1" ind2="0" tag="245"><subfield code="a">Prolet&#803;arisher gedank&#803; :</subfield><subfield code="b">organ fun der Yidisher arbet&#803;er-part&#803;ey (link&#803;e Poyle-Tsiyen) fun di Faraynik&#803;t&#803;e Sht&#803;at&#803;n un K&#803;anade = Proletarian thought.</subfield></datafield><datafield ind1="3" ind2="1" tag="246"><subfield code="a">Proletarian thought</subfield></datafield><datafield ind1=" " ind2=" " tag="260"><subfield code="6">880-01</subfield><subfield code="a">Nyu-York&#803; :</subfield><subfield code="b">[O. fg.]</subfield></datafield><datafield ind1=" " ind2=" " tag="300"><subfield code="a">volumes :</subfield><subfield code="b">illustrations ;</subfield><subfield code="c">30-31 cm</subfield></datafield><datafield ind1=" " ind2=" " tag="310"><subfield code="a">Semimonthly,</subfield><subfield code="b">&lt;1933&gt;-1 Yuni 1947</subfield></datafield><datafield ind1=" " ind2=" " tag="321"><subfield code="a">Monthly,</subfield><subfield code="b">&lt;1927-1931&gt;</subfield></datafield><datafield ind1=" " ind2=" " tag="336"><subfield code="a">text</subfield><subfield code="b">txt</subfield><subfield code="2">rdacontent</subfield></datafield><datafield ind1=" " ind2=" " tag="337"><subfield code="a">unmediated</subfield><subfield code="b">n</subfield><subfield code="2">rdamedia</subfield></datafield><datafield ind1=" " ind2=" " tag="338"><subfield code="a">volume</subfield><subfield code="b">nc</subfield><subfield code="2">rdacarrier</subfield></datafield><datafield ind1="1" ind2=" " tag="362"><subfield code="a">Began in 1925; ceased in 1947.</subfield></datafield><datafield ind1=" " ind2=" " tag="500"><subfield code="a">Some combined issues and occasionally monthly in Summer and early Autumn.</subfield></datafield><datafield ind1=" " ind2=" " tag="515"><subfield code="a">Suspended in June and resumed in July 1945.</subfield></datafield><datafield ind1=" " ind2=" " tag="515"><subfield code="a">Issues for &lt;Marts 1, 1934-&gt; also called &lt;9th year, no. 5-&gt;</subfield></datafield><datafield ind1=" " ind2=" " tag="588"><subfield code="a">Description based on: 22t&#803;er yorgang, numer 3 (1 Merts 1947); title from caption.</subfield></datafield><datafield ind1=" " ind2=" " tag="588"><subfield code="a">Latest issue consulted: 22t&#803;er yorgang, numer 9 (1 Yuni 1947).</subfield></datafield><datafield ind1=" " ind2="0" tag="650"><subfield code="a">Labor Zionism</subfield><subfield code="z">United States</subfield><subfield code="v">Periodicals.</subfield></datafield><datafield ind1=" " ind2="7" tag="650"><subfield code="a">Labor Zionism.</subfield><subfield code="2">fast</subfield><subfield code="0">(OCoLC)fst00989858</subfield></datafield><datafield ind1=" " ind2="7" tag="651"><subfield code="a">United States.</subfield><subfield code="2">fast</subfield><subfield code="0">(OCoLC)fst01204155</subfield></datafield><datafield ind1=" " ind2="7" tag="655"><subfield code="a">Periodicals.</subfield><subfield code="2">fast</subfield><subfield code="0">(OCoLC)fst01411641</subfield></datafield><datafield ind1="2" ind2=" " tag="710"><subfield code="a">United Labor Zionist Party of the United States &amp; Canada.</subfield></datafield><datafield ind1="0" ind2="0" tag="785"><subfield code="t">Undzer v&#803;eg (New York, N.Y.)</subfield><subfield code="w">(DLC)   91645383</subfield><subfield code="w">(OCoLC)24219816</subfield></datafield><datafield ind1=" " ind2=" " tag="850"><subfield code="a">DLC</subfield></datafield><datafield ind1=" " ind2=" " tag="880"><subfield code="6">260-01/(2/r</subfield><subfield code="a">&#8207;&#1504;&#1497;&#1493;&#1470;&#1497;&#1488;&#1512;&#1511; :&#8207;</subfield><subfield code="b">&#8207;[&#1488;&#1508;&#1524;&#1490;]</subfield></datafield><datafield ind1="1" ind2=" " tag="029"><subfield code="a">AU@</subfield><subfield code="b">000012958161</subfield></datafield></record>